<collection xmlns:xsi="http://www.w3.org/2001/XMLSchema-instance" xmlns="http://www.loc.gov/MARC21/slim" xsi:schemaLocation="http://www.loc.gov/MARC21/slim http://www.loc.gov/standards/marcxml/schema/MARC21slim.xsd">

<record>
  <leader>05359ckdaa2200757 a 4500</leader>
  <controlfield tag="001">3462444</controlfield>
  <controlfield tag="005">20100226103450.0</controlfield>
  <controlfield tag="008">890612s1906    xx ||| |||||||   1k|eng d</controlfield>
  <datafield tag="035" ind1=" " ind2=" ">
    <subfield code="a">(OCoLC)80367708</subfield>
  </datafield>
  <datafield tag="035" ind1=" " ind2=" ">
    <subfield code="a">(OCoLC)ocm80367708</subfield>
  </datafield>
  <datafield tag="035" ind1=" " ind2=" ">
    <subfield code="a">(CStRLIN)NYDA89-F694</subfield>
  </datafield>
  <datafield tag="035" ind1=" " ind2=" ">
    <subfield code="9">AAA2915AD</subfield>
  </datafield>
  <datafield tag="035" ind1=" " ind2=" ">
    <subfield code="a">(NNC)3462444</subfield>
  </datafield>
  <datafield tag="040" ind1=" " ind2=" ">
    <subfield code="a">NNC</subfield>
    <subfield code="c">NNC</subfield>
    <subfield code="e">gihc</subfield>
  </datafield>
  <datafield tag="043" ind1=" " ind2=" ">
    <subfield code="a">n-us-ca</subfield>
  </datafield>
  <datafield tag="110" ind1="2" ind2=" ">
    <subfield code="a">Greene &amp; Greene.</subfield>
  </datafield>
  <datafield tag="240" ind1="1" ind2="0">
    <subfield code="a">Samuel Merrill house (Pasadena, Calif.)</subfield>
  </datafield>
  <datafield tag="245" ind1="1" ind2="0">
    <subfield code="a">Residence for Saml. Merrill, Esq. at Pasadena, Cal.</subfield>
    <subfield code="h">[graphic] /</subfield>
    <subfield code="c">Greene &amp; Greene, Arch'ts.</subfield>
  </datafield>
  <datafield tag="260" ind1=" " ind2=" ">
    <subfield code="c">[1906]</subfield>
  </datafield>
  <datafield tag="300" ind1=" " ind2=" ">
    <subfield code="a">19 sheets :</subfield>
    <subfield code="b">various media ;</subfield>
    <subfield code="c">53.3 x 74.7 cm. (21 x 29 3/8 in.) or smaller.</subfield>
  </datafield>
  <datafield tag="500" ind1=" " ind2=" ">
    <subfield code="a">Date from inventory.</subfield>
  </datafield>
  <datafield tag="500" ind1=" " ind2=" ">
    <subfield code="a">Bracketed title elements supplied by cataloger or taken from inventory.</subfield>
  </datafield>
  <datafield tag="500" ind1=" " ind2=" ">
    <subfield code="a">Forms part of the Greene &amp; Greene collection of architectural drawings ; job no. 181.</subfield>
  </datafield>
  <datafield tag="500" ind1=" " ind2=" ">
    <subfield code="a">Scale varies.</subfield>
  </datafield>
  <datafield tag="500" ind1=" " ind2=" ">
    <subfield code="a">This set consists of 5 pencil and ink drawings on tracing paper, 4 pencil drawings on paper, 2 pemcil and crayon drawings on tracing paper, 2 blueprints with crayon markings on paper, 2 blueprints with crayon and pencil markings on paper, 2 blueprints with pencil markings on paper, 2 blueprints on paper, 2 pencil drawings on tracing paper, and 1 ink drawing with pencil markings on tracing paper.</subfield>
  </datafield>
  <datafield tag="561" ind1=" " ind2=" ">
    <subfield code="a">Gift of Jean Murray Bangs (Mrs. Harwell Hamilton Harris), 1960; formerly the collection of Charles Sumner Greene.</subfield>
  </datafield>
  <datafield tag="650" ind1=" " ind2="7">
    <subfield code="a">Houses.</subfield>
    <subfield code="2">aat</subfield>
  </datafield>
  <datafield tag="655" ind1=" " ind2="7">
    <subfield code="a">Detail drawings.</subfield>
    <subfield code="2">aat</subfield>
  </datafield>
  <datafield tag="655" ind1=" " ind2="7">
    <subfield code="a">Sketches.</subfield>
    <subfield code="2">aat</subfield>
  </datafield>
  <datafield tag="655" ind1=" " ind2="7">
    <subfield code="a">Site plans.</subfield>
    <subfield code="2">aat</subfield>
  </datafield>
  <datafield tag="655" ind1=" " ind2="7">
    <subfield code="a">Architectural drawings</subfield>
    <subfield code="x">American.</subfield>
    <subfield code="2">aat</subfield>
  </datafield>
  <datafield tag="655" ind1=" " ind2="7">
    <subfield code="a">Orthographic drawings.</subfield>
    <subfield code="2">aat</subfield>
  </datafield>
  <datafield tag="691" ind1=" " ind2="0">
    <subfield code="a">Pasadena (Calif.)</subfield>
  </datafield>
  <datafield tag="650" ind1=" " ind2="0">
    <subfield code="a">Architecture</subfield>
    <subfield code="z">United States</subfield>
    <subfield code="v">Designs and plans.</subfield>
  </datafield>
  <datafield tag="697" ind1="2" ind2="4">
    <subfield code="a">Samuel Merrill house (Pasadena, Calif.)</subfield>
  </datafield>
  <datafield tag="700" ind1="1" ind2=" ">
    <subfield code="a">Greene, Charles Sumner,</subfield>
    <subfield code="d">1868-1957.</subfield>
  </datafield>
  <datafield tag="700" ind1="1" ind2=" ">
    <subfield code="a">Greene, Henry Mather,</subfield>
    <subfield code="d">1870-1954.</subfield>
  </datafield>
  <datafield tag="700" ind1="1" ind2=" ">
    <subfield code="a">Merrill, Samuel.</subfield>
  </datafield>
  <datafield tag="755" ind1=" " ind2=" ">
    <subfield code="a">Pencil drawings.</subfield>
    <subfield code="2">aat</subfield>
  </datafield>
  <datafield tag="755" ind1=" " ind2=" ">
    <subfield code="a">Blueprints.</subfield>
    <subfield code="2">aat</subfield>
  </datafield>
  <datafield tag="755" ind1=" " ind2=" ">
    <subfield code="a">Ink drawings.</subfield>
    <subfield code="2">aat</subfield>
  </datafield>
  <datafield tag="755" ind1=" " ind2=" ">
    <subfield code="a">Crayon drawings.</subfield>
    <subfield code="2">aat</subfield>
  </datafield>
  <datafield tag="799" ind1="4" ind2="3">
    <subfield code="a">The Greene &amp; Greene collection of architectural drawings.</subfield>
  </datafield>
  <datafield tag="789" ind1="0" ind2=" ">
    <subfield code="1">[1]</subfield>
    <subfield code="i">NYDA.1960.001.02624.</subfield>
    <subfield code="v">[AVERYimage].</subfield>
    <subfield code="t">Foundation plan ; [details] -- sec[tion] thru liv[ing] r'm chimney, girder post footing, sec[tion] thru wall :</subfield>
    <subfield code="n">Sheet no. 1.</subfield>
  </datafield>
  <datafield tag="789" ind1="0" ind2=" ">
    <subfield code="1">[2]</subfield>
    <subfield code="i">NYDA.1960.001.02625R.</subfield>
    <subfield code="v">[AVERYimage].</subfield>
    <subfield code="t">Foundation plan ; [details] -- sec[tion] thru liv[ing] r'm chimney, girder post footing, sec[tion] thru wall ;</subfield>
    <subfield code="n">Sheet no. 1.</subfield>
  </datafield>
  <datafield tag="789" ind1="0" ind2=" ">
    <subfield code="1">[3]</subfield>
    <subfield code="i">NYDA.1960.001.02625V.</subfield>
    <subfield code="v">[AVERYimage].</subfield>
    <subfield code="t">[Unidentified sketches]</subfield>
  </datafield>
  <datafield tag="789" ind1="0" ind2=" ">
    <subfield code="1">[4]</subfield>
    <subfield code="i">NYDA.1960.001.02626.</subfield>
    <subfield code="v">[AVERYimage].</subfield>
    <subfield code="t">[Main] floor plan ; 1 1/2" detail of corner of bay :</subfield>
    <subfield code="n">Sheet no. 2.</subfield>
    <subfield code="o">"Doors 6'-6" high, unless otherwise marked'.</subfield>
  </datafield>
  <datafield tag="789" ind1="0" ind2=" ">
    <subfield code="1">[5]</subfield>
    <subfield code="i">NYDA.1960.001.02627.</subfield>
    <subfield code="v">[AVERYimage].</subfield>
    <subfield code="t">[Main] floor plan ; 1 1/2" detail of corner of bay :</subfield>
    <subfield code="n">Sheet no. 2.</subfield>
  </datafield>
  <datafield tag="789" ind1="0" ind2=" ">
    <subfield code="1">[6]</subfield>
    <subfield code="i">NYDA.1960.001.02628.</subfield>
    <subfield code="v">[AVERYimage].</subfield>
    <subfield code="t">East elevation :</subfield>
    <subfield code="n">Sheet no. 3.</subfield>
  </datafield>
  <datafield tag="789" ind1="0" ind2=" ">
    <subfield code="1">[7]</subfield>
    <subfield code="i">NYDA.1960.001.02629.</subfield>
    <subfield code="v">[AVERYimage].</subfield>
    <subfield code="t">East elevation :</subfield>
    <subfield code="n">Sheet no. 3.</subfield>
  </datafield>
  <datafield tag="789" ind1="0" ind2=" ">
    <subfield code="1">[8]</subfield>
    <subfield code="i">NYDA.1960.001.02630.</subfield>
    <subfield code="v">[AVERYimage].</subfield>
    <subfield code="t">South elevation :</subfield>
    <subfield code="n">Sheet no. 4.</subfield>
  </datafield>
  <datafield tag="789" ind1="0" ind2=" ">
    <subfield code="1">[9]</subfield>
    <subfield code="i">NYDA.1960.001.02631R.</subfield>
    <subfield code="v">[AVERYimage].</subfield>
    <subfield code="t">South elevation :</subfield>
    <subfield code="n">Sheet no. 4.</subfield>
  </datafield>
  <datafield tag="789" ind1="0" ind2=" ">
    <subfield code="1">[10]</subfield>
    <subfield code="i">NYDA.1960.001.02631V.</subfield>
    <subfield code="v">[AVERYimage].</subfield>
    <subfield code="t">[Unidentified sketches]</subfield>
  </datafield>
  <datafield tag="789" ind1="0" ind2=" ">
    <subfield code="1">[11]</subfield>
    <subfield code="i">NYDA.1960.001.02632.</subfield>
    <subfield code="v">[AVERYimage].</subfield>
    <subfield code="t">West elevation :</subfield>
    <subfield code="n">Sheet no. 5.</subfield>
  </datafield>
  <datafield tag="789" ind1="0" ind2=" ">
    <subfield code="1">[12]</subfield>
    <subfield code="i">NYDA.1960.001.02633.</subfield>
    <subfield code="v">[AVERYimage].</subfield>
    <subfield code="t">West elevation :</subfield>
    <subfield code="n">Sheet no. 5.</subfield>
  </datafield>
  <datafield tag="789" ind1="0" ind2=" ">
    <subfield code="1">[13]</subfield>
    <subfield code="i">NYDA.1960.001.02634.</subfield>
    <subfield code="v">[AVERYimage].</subfield>
    <subfield code="t">North elevation :</subfield>
    <subfield code="n">Sheet no. 6.</subfield>
  </datafield>
  <datafield tag="789" ind1="0" ind2=" ">
    <subfield code="1">[14]</subfield>
    <subfield code="i">NYDA.1960.001.02635R.</subfield>
    <subfield code="v">[AVERYimage].</subfield>
    <subfield code="t">North elevation ;</subfield>
    <subfield code="n">Sheet no. 6.</subfield>
  </datafield>
  <datafield tag="789" ind1="0" ind2=" ">
    <subfield code="1">[15]</subfield>
    <subfield code="i">NYDA.1960.001.02635V.</subfield>
    <subfield code="v">[AVERYimage].</subfield>
    <subfield code="t">[Unidentified rough sketches]</subfield>
  </datafield>
  <datafield tag="789" ind1="0" ind2=" ">
    <subfield code="1">[16]</subfield>
    <subfield code="i">NYDA.1960.001.02636.</subfield>
    <subfield code="v">[AVERYimage].</subfield>
    <subfield code="t">1/4 inch scale interior details -- side elev. of chimney, west elev. of living and dining rms., [section and elevation of] west side of den, north elev. of living rm. ; 1 1/2" section [of] gable vents, 1 1/2' detail of double hung window frames, section thro' verge, elevation of vent, 1 1/2" scale typical wall section [with interior and exterior elevations of window] :</subfield>
    <subfield code="n">Sheet no. 7.</subfield>
  </datafield>
  <datafield tag="789" ind1="0" ind2=" ">
    <subfield code="1">[17]</subfield>
    <subfield code="i">NYDA.1960.001.02637.</subfield>
    <subfield code="v">[AVERYimage].</subfield>
    <subfield code="t">1/4 inch scale interior details -- side elev. of chimney, west elev. of living and dining rms., [section and elevation of] west side of den, north elev. of living rm. ; 1 1/2" section [of] gable vents, 1 1/2" detail of double hung window frames, section thro' verge, elevation of vent, 1 1/2" scale typical wall section [with interior and exterior elevations of window] :</subfield>
    <subfield code="n">Sheet no. 7.</subfield>
  </datafield>
  <datafield tag="789" ind1="0" ind2=" ">
    <subfield code="1">[18]</subfield>
    <subfield code="i">NYDA.1960.001.02638.</subfield>
    <subfield code="v">[AVERYimage].</subfield>
    <subfield code="t">1/8" scale details of cobble stone wall -- elevation, plan.</subfield>
  </datafield>
  <datafield tag="789" ind1="0" ind2=" ">
    <subfield code="1">[19]</subfield>
    <subfield code="i">NYDA.1960.001.02639.</subfield>
    <subfield code="v">[AVERYimage].</subfield>
    <subfield code="t">1/8" scale details of cobble stone wall -- elevation, plan.</subfield>
  </datafield>
  <datafield tag="789" ind1="0" ind2=" ">
    <subfield code="1">[20]</subfield>
    <subfield code="i">NYDA.1960.001.02640.</subfield>
    <subfield code="v">[AVERYimage].</subfield>
    <subfield code="t">Lot plan :</subfield>
    <subfield code="n">Drawing no. 17.</subfield>
  </datafield>
  <datafield tag="789" ind1="0" ind2=" ">
    <subfield code="1">[21]</subfield>
    <subfield code="i">NYDA.1960.001.02641.</subfield>
    <subfield code="v">[AVERYimage].</subfield>
    <subfield code="t">East elevation of living room [exterior]</subfield>
  </datafield>
  <datafield tag="789" ind1="0" ind2=" ">
    <subfield code="1">[22]</subfield>
    <subfield code="i">NYDA.1960.001.02642.</subfield>
    <subfield code="v">[AVERYimage].</subfield>
    <subfield code="t">[Unidentified sketches].</subfield>
    <subfield code="o">Encapsulated in mylar.</subfield>
    <subfield code="o">Sketches done on backing paper for roll of drawings.</subfield>
    <subfield code="o">On verso -- "Set no. 1".</subfield>
  </datafield>
  <datafield tag="900" ind1=" " ind2=" ">
    <subfield code="a">AUTH</subfield>
  </datafield>
</record>

</collection>